@misc{NCBIGene2597_products,
  author       = {{National Center for Biotechnology Information}},
  title        = {Genes for Homo sapiens (human) - NCBI},
  howpublished = {\url{https://www.ncbi.nlm.nih.gov/datasets/gene/id/2597/products/}},
  note         = {Accessed: 2024-06-24}
}
@misc{NCBIGene2597,
  author       = {{National Center for Biotechnology Information}},
  title        = {Gene: GAPDH glyceraldehyde-3-phosphate dehydrogenase},
  howpublished = {\url{https://www.ncbi.nlm.nih.gov/gene/2597/#reference-sequences}},
  note         = {Accessed: 2024-06-25},
  year         = {2024},
  institution  = {National Library of Medicine (US), National Center for Biotechnology Information},
}
@misc{ThermoFisher260280,
  author       = {Thermo Fisher Scientific},
  title        = {Interpretation of Nucleic Acid 260/280 Ratios},
  howpublished = {\url{https://assets.thermofisher.com/TFS-Assets/CAD/Product-Bulletins/T123-NanoDrop-Lite-Interpretation-of-Nucleic-Acid-260-280-Ratios.pdf}},
  note         = {Accessed: 2024-06-25},
  year         = {2024},
  institution  = {Thermo Fisher Scientific},
}
@misc{ThermoFisherQuantitatingRNA,
  author       = {Thermo Fisher Scientific},
  title        = {Quantitating RNA},
  howpublished = {\url{https://www.thermofisher.com/us/en/home/references/ambion-tech-support/rna-isolation/tech-notes/quantitating-rna.html}},
  note         = {Accessed: 2024-06-25},
  year         = {2024},
  institution  = {Thermo Fisher Scientific},
}